
@misc{bernhard_kostler_kassenbon-pflicht_2022,
    title      = {Kassenbon-{Pflicht}: {Das} {Wichtigste} im Überblick {\textbar} {Lexware}},
    shorttitle = {Kassenbon-{Pflicht}},
    url        = {https://www.lexware.de/wissen/buchhaltung-finanzen/kassenbon-pflicht/},
    abstract   = {Was in Österreich und Italien bereits seit Jahrzehnten praktiziert wird, erregt in Deutschland seit 2020 die Gemüter. Die Rede ist von der Kassenbon-Pflicht, im Fachjargon auch als Belegausgabepflicht bezeichnet. Seitdem müssen Unternehmer, die ein elektronisches Kassensystem nutzen, jedem Kunden einen Bon ausstellen, selbst wenn er nur ein Brötchen für 15 Cent kauft. Hier die wichtigsten Infos für betroffene Unternehmen.},
    language   = {de-de},
    urldate    = {2022-12-08},
    journal    = {Kassenbon-Pflicht: Das müssen Unternehmer wissen},
    author     = {Bernhard, Köstler},
    month      = jan,
    year       = {2022},
    file       = {Snapshot:C\:\\Users\\PhillippPa\\Zotero\\storage\\8UXWF97U\\kassenbon-pflicht.html:text/html},
}
